%YAML 1.1
%TAG !u! tag:unity3d.com,2011:
--- !u!29 &1
OcclusionCullingSettings:
  m_ObjectHideFlags: 0
  serializedVersion: 2
  m_OcclusionBakeSettings:
    smallestOccluder: 5
    smallestHole: 0.25
    backfaceThreshold: 100
  m_SceneGUID: 00000000000000000000000000000000
  m_OcclusionCullingData: {fileID: 0}
--- !u!104 &2
RenderSettings:
  m_ObjectHideFlags: 0
  serializedVersion: 7
  m_Fog: 0
  m_FogColor: {r: 0.5, g: 0.5, b: 0.5, a: 1}
  m_FogMode: 3
  m_FogDensity: 0.01
  m_LinearFogStart: 0
  m_LinearFogEnd: 300
  m_AmbientSkyColor: {r: 0.212, g: 0.227, b: 0.259, a: 1}
  m_AmbientEquatorColor: {r: 0.114, g: 0.125, b: 0.133, a: 1}
  m_AmbientGroundColor: {r: 0.047, g: 0.043, b: 0.035, a: 1}
  m_AmbientIntensity: 1
  m_AmbientMode: 0
  m_SkyboxMaterial: {fileID: 10304, guid: 0000000000000000f000000000000000, type: 0}
  m_HaloStrength: 0.5
  m_FlareStrength: 1
  m_FlareFadeSpeed: 3
  m_HaloTexture: {fileID: 0}
  m_SpotCookie: {fileID: 10001, guid: 0000000000000000e000000000000000, type: 0}
  m_DefaultReflectionMode: 0
  m_DefaultReflectionResolution: 128
  m_ReflectionBounces: 1
  m_ReflectionIntensity: 1
  m_CustomReflection: {fileID: 0}
  m_Sun: {fileID: 0}
  m_IndirectSpecularColor: {r: 0.44657898, g: 0.4964133, b: 0.5748178, a: 1}
--- !u!157 &3
LightmapSettings:
  m_ObjectHideFlags: 0
  serializedVersion: 7
  m_GIWorkflowMode: 0
  m_GISettings:
    serializedVersion: 2
    m_BounceScale: 1
    m_IndirectOutputScale: 1
    m_AlbedoBoost: 1
    m_TemporalCoherenceThreshold: 1
    m_EnvironmentLightingMode: 0
    m_EnableBakedLightmaps: 1
    m_EnableRealtimeLightmaps: 1
  m_LightmapEditorSettings:
    serializedVersion: 4
    m_Resolution: 2
    m_BakeResolution: 40
    m_TextureWidth: 1024
    m_TextureHeight: 1024
    m_AO: 0
    m_AOMaxDistance: 1
    m_CompAOExponent: 1
    m_CompAOExponentDirect: 0
    m_Padding: 2
    m_LightmapParameters: {fileID: 0}
    m_LightmapsBakeMode: 1
    m_TextureCompression: 1
    m_DirectLightInLightProbes: 1
    m_FinalGather: 0
    m_FinalGatherFiltering: 1
    m_FinalGatherRayCount: 256
    m_ReflectionCompression: 2
  m_LightingDataAsset: {fileID: 0}
  m_RuntimeCPUUsage: 25
--- !u!196 &4
NavMeshSettings:
  serializedVersion: 2
  m_ObjectHideFlags: 0
  m_BuildSettings:
    serializedVersion: 2
    agentTypeID: 0
    agentRadius: 0.5
    agentHeight: 2
    agentSlope: 45
    agentClimb: 0.4
    ledgeDropHeight: 0
    maxJumpAcrossDistance: 0
    minRegionArea: 2
    manualCellSize: 0
    cellSize: 0.16666667
    accuratePlacement: 0
  m_NavMeshData: {fileID: 0}
--- !u!1001 &176756723
Prefab:
  m_ObjectHideFlags: 0
  serializedVersion: 2
  m_Modification:
    m_TransformParent: {fileID: 0}
    m_Modifications:
    - target: {fileID: 4798596176538000, guid: e833e9335d0d01443bc6a10bbdbde598, type: 2}
      propertyPath: m_LocalPosition.x
      value: 0
      objectReference: {fileID: 0}
    - target: {fileID: 4798596176538000, guid: e833e9335d0d01443bc6a10bbdbde598, type: 2}
      propertyPath: m_LocalPosition.y
      value: 0
      objectReference: {fileID: 0}
    - target: {fileID: 4798596176538000, guid: e833e9335d0d01443bc6a10bbdbde598, type: 2}
      propertyPath: m_LocalPosition.z
      value: 0
      objectReference: {fileID: 0}
    - target: {fileID: 4798596176538000, guid: e833e9335d0d01443bc6a10bbdbde598, type: 2}
      propertyPath: m_LocalRotation.x
      value: 0
      objectReference: {fileID: 0}
    - target: {fileID: 4798596176538000, guid: e833e9335d0d01443bc6a10bbdbde598, type: 2}
      propertyPath: m_LocalRotation.y
      value: 0
      objectReference: {fileID: 0}
    - target: {fileID: 4798596176538000, guid: e833e9335d0d01443bc6a10bbdbde598, type: 2}
      propertyPath: m_LocalRotation.z
      value: 0
      objectReference: {fileID: 0}
    - target: {fileID: 4798596176538000, guid: e833e9335d0d01443bc6a10bbdbde598, type: 2}
      propertyPath: m_LocalRotation.w
      value: 1
      objectReference: {fileID: 0}
    - target: {fileID: 4798596176538000, guid: e833e9335d0d01443bc6a10bbdbde598, type: 2}
      propertyPath: m_RootOrder
      value: 3
      objectReference: {fileID: 0}
    - target: {fileID: 1996615222461856, guid: e833e9335d0d01443bc6a10bbdbde598, type: 2}
      propertyPath: m_IsActive
      value: 1
      objectReference: {fileID: 0}
    m_RemovedComponents:
    - {fileID: 114270006511338330, guid: e833e9335d0d01443bc6a10bbdbde598, type: 2}
  m_ParentPrefab: {fileID: 100100000, guid: e833e9335d0d01443bc6a10bbdbde598, type: 2}
  m_IsPrefabParent: 0
--- !u!1 &316738571 stripped
GameObject:
  m_PrefabParentObject: {fileID: 1455587812017962, guid: 7af854098a3bee846999ac9c2593f3e0,
    type: 2}
  m_PrefabInternal: {fileID: 1520660548}
--- !u!114 &316738576
MonoBehaviour:
  m_ObjectHideFlags: 0
  m_PrefabParentObject: {fileID: 0}
  m_PrefabInternal: {fileID: 0}
  m_GameObject: {fileID: 316738571}
  m_Enabled: 1
  m_EditorHideFlags: 0
  m_Script: {fileID: 11500000, guid: 24f7ebc9fe6063540bf43342325c58b7, type: 3}
  m_Name: 
  m_EditorClassIdentifier: 
  objectName: WindArea
--- !u!1 &478049477 stripped
GameObject:
  m_PrefabParentObject: {fileID: 1791012484607838, guid: ce178c9c5885633498b780098ef696c8,
    type: 2}
  m_PrefabInternal: {fileID: 1687328686}
--- !u!114 &478049481
MonoBehaviour:
  m_ObjectHideFlags: 0
  m_PrefabParentObject: {fileID: 0}
  m_PrefabInternal: {fileID: 0}
  m_GameObject: {fileID: 478049477}
  m_Enabled: 1
  m_EditorHideFlags: 0
  m_Script: {fileID: 11500000, guid: 24f7ebc9fe6063540bf43342325c58b7, type: 3}
  m_Name: 
  m_EditorClassIdentifier: 
  objectName: Terrain
--- !u!1 &539818288 stripped
GameObject:
  m_PrefabParentObject: {fileID: 1273961085889892, guid: b01c522dc38a67b4db1c215cd62450e2,
    type: 2}
  m_PrefabInternal: {fileID: 1639770105}
--- !u!114 &539818295
MonoBehaviour:
  m_ObjectHideFlags: 0
  m_PrefabParentObject: {fileID: 0}
  m_PrefabInternal: {fileID: 0}
  m_GameObject: {fileID: 539818288}
  m_Enabled: 1
  m_EditorHideFlags: 0
  m_Script: {fileID: 11500000, guid: 24f7ebc9fe6063540bf43342325c58b7, type: 3}
  m_Name: 
  m_EditorClassIdentifier: 
  objectName: Cube (1)
--- !u!1001 &627236116
Prefab:
  m_ObjectHideFlags: 0
  serializedVersion: 2
  m_Modification:
    m_TransformParent: {fileID: 0}
    m_Modifications:
    - target: {fileID: 4722599370248954, guid: ddb39c30ac8f77d4fb3baf7952a0ec59, type: 2}
      propertyPath: m_LocalPosition.x
      value: 140
      objectReference: {fileID: 0}
    - target: {fileID: 4722599370248954, guid: ddb39c30ac8f77d4fb3baf7952a0ec59, type: 2}
      propertyPath: m_LocalPosition.y
      value: 25
      objectReference: {fileID: 0}
    - target: {fileID: 4722599370248954, guid: ddb39c30ac8f77d4fb3baf7952a0ec59, type: 2}
      propertyPath: m_LocalPosition.z
      value: 365
      objectReference: {fileID: 0}
    - target: {fileID: 4722599370248954, guid: ddb39c30ac8f77d4fb3baf7952a0ec59, type: 2}
      propertyPath: m_LocalRotation.x
      value: 0
      objectReference: {fileID: 0}
    - target: {fileID: 4722599370248954, guid: ddb39c30ac8f77d4fb3baf7952a0ec59, type: 2}
      propertyPath: m_LocalRotation.y
      value: 0
      objectReference: {fileID: 0}
    - target: {fileID: 4722599370248954, guid: ddb39c30ac8f77d4fb3baf7952a0ec59, type: 2}
      propertyPath: m_LocalRotation.z
      value: 0
      objectReference: {fileID: 0}
    - target: {fileID: 4722599370248954, guid: ddb39c30ac8f77d4fb3baf7952a0ec59, type: 2}
      propertyPath: m_LocalRotation.w
      value: 1
      objectReference: {fileID: 0}
    - target: {fileID: 4722599370248954, guid: ddb39c30ac8f77d4fb3baf7952a0ec59, type: 2}
      propertyPath: m_RootOrder
      value: 9
      objectReference: {fileID: 0}
    - target: {fileID: 1272724934655122, guid: ddb39c30ac8f77d4fb3baf7952a0ec59, type: 2}
      propertyPath: m_IsActive
      value: 1
      objectReference: {fileID: 0}
    m_RemovedComponents:
    - {fileID: 114358616768357658, guid: ddb39c30ac8f77d4fb3baf7952a0ec59, type: 2}
  m_ParentPrefab: {fileID: 100100000, guid: ddb39c30ac8f77d4fb3baf7952a0ec59, type: 2}
  m_IsPrefabParent: 0
--- !u!1 &665235708
GameObject:
  m_ObjectHideFlags: 0
  m_PrefabParentObject: {fileID: 0}
  m_PrefabInternal: {fileID: 0}
  serializedVersion: 5
  m_Component:
  - component: {fileID: 665235710}
  - component: {fileID: 665235709}
  - component: {fileID: 665235711}
  m_Layer: 0
  m_Name: Directional Light
  m_TagString: Untagged
  m_Icon: {fileID: 0}
  m_NavMeshLayer: 0
  m_StaticEditorFlags: 0
  m_IsActive: 1
--- !u!108 &665235709
Light:
  m_ObjectHideFlags: 0
  m_PrefabParentObject: {fileID: 0}
  m_PrefabInternal: {fileID: 0}
  m_GameObject: {fileID: 665235708}
  m_Enabled: 1
  serializedVersion: 7
  m_Type: 1
  m_Color: {r: 0.13127999, g: 0.14552605, b: 0.24, a: 1}
  m_Intensity: 1
  m_Range: 10
  m_SpotAngle: 30
  m_CookieSize: 10
  m_Shadows:
    m_Type: 2
    m_Resolution: -1
    m_CustomResolution: -1
    m_Strength: 1
    m_Bias: 0.05
    m_NormalBias: 0.4
    m_NearPlane: 0.2
  m_Cookie: {fileID: 0}
  m_DrawHalo: 0
  m_Flare: {fileID: 0}
  m_RenderMode: 0
  m_CullingMask:
    serializedVersion: 2
    m_Bits: 4294967295
  m_Lightmapping: 4
  m_AreaSize: {x: 1, y: 1}
  m_BounceIntensity: 1
  m_ShadowRadius: 0
  m_ShadowAngle: 0
--- !u!4 &665235710
Transform:
  m_ObjectHideFlags: 0
  m_PrefabParentObject: {fileID: 0}
  m_PrefabInternal: {fileID: 0}
  m_GameObject: {fileID: 665235708}
  m_LocalRotation: {x: 0.40821788, y: -0.23456968, z: 0.10938163, w: 0.8754261}
  m_LocalPosition: {x: 0, y: 3, z: 0}
  m_LocalScale: {x: 1, y: 1, z: 1}
  m_Children: []
  m_Father: {fileID: 0}
  m_RootOrder: 0
  m_LocalEulerAnglesHint: {x: 50, y: -30, z: 0}
--- !u!114 &665235711
MonoBehaviour:
  m_ObjectHideFlags: 0
  m_PrefabParentObject: {fileID: 0}
  m_PrefabInternal: {fileID: 0}
  m_GameObject: {fileID: 665235708}
  m_Enabled: 1
  m_EditorHideFlags: 0
  m_Script: {fileID: 11500000, guid: 4cbba0fa423704f419f651d3d09460f3, type: 3}
  m_Name: 
  m_EditorClassIdentifier: 
  objects: []
--- !u!1001 &737520970
Prefab:
  m_ObjectHideFlags: 0
  serializedVersion: 2
  m_Modification:
    m_TransformParent: {fileID: 0}
    m_Modifications:
    - target: {fileID: 4657632823152362, guid: b181f8d18e6ff2440b6183b3af11cf38, type: 2}
      propertyPath: m_LocalPosition.x
      value: 360
      objectReference: {fileID: 0}
    - target: {fileID: 4657632823152362, guid: b181f8d18e6ff2440b6183b3af11cf38, type: 2}
      propertyPath: m_LocalPosition.y
      value: 25
      objectReference: {fileID: 0}
    - target: {fileID: 4657632823152362, guid: b181f8d18e6ff2440b6183b3af11cf38, type: 2}
      propertyPath: m_LocalPosition.z
      value: 145
      objectReference: {fileID: 0}
    - target: {fileID: 4657632823152362, guid: b181f8d18e6ff2440b6183b3af11cf38, type: 2}
      propertyPath: m_LocalRotation.x
      value: 0
      objectReference: {fileID: 0}
    - target: {fileID: 4657632823152362, guid: b181f8d18e6ff2440b6183b3af11cf38, type: 2}
      propertyPath: m_LocalRotation.y
      value: 0
      objectReference: {fileID: 0}
    - target: {fileID: 4657632823152362, guid: b181f8d18e6ff2440b6183b3af11cf38, type: 2}
      propertyPath: m_LocalRotation.z
      value: 0
      objectReference: {fileID: 0}
    - target: {fileID: 4657632823152362, guid: b181f8d18e6ff2440b6183b3af11cf38, type: 2}
      propertyPath: m_LocalRotation.w
      value: 1
      objectReference: {fileID: 0}
    - target: {fileID: 4657632823152362, guid: b181f8d18e6ff2440b6183b3af11cf38, type: 2}
      propertyPath: m_RootOrder
      value: 8
      objectReference: {fileID: 0}
    - target: {fileID: 1947359830155868, guid: b181f8d18e6ff2440b6183b3af11cf38, type: 2}
      propertyPath: m_IsActive
      value: 1
      objectReference: {fileID: 0}
    m_RemovedComponents: []
  m_ParentPrefab: {fileID: 100100000, guid: b181f8d18e6ff2440b6183b3af11cf38, type: 2}
  m_IsPrefabParent: 0
--- !u!4 &859461735 stripped
Transform:
  m_PrefabParentObject: {fileID: 4156847628924740, guid: 7af854098a3bee846999ac9c2593f3e0,
    type: 2}
  m_PrefabInternal: {fileID: 1520660548}
--- !u!1 &883639189 stripped
GameObject:
  m_PrefabParentObject: {fileID: 1348590204910536, guid: 4a133173d2c075041b1a8a491bac81a4,
    type: 2}
  m_PrefabInternal: {fileID: 1597265491}
--- !u!114 &883639195
MonoBehaviour:
  m_ObjectHideFlags: 0
  m_PrefabParentObject: {fileID: 0}
  m_PrefabInternal: {fileID: 0}
  m_GameObject: {fileID: 883639189}
  m_Enabled: 1
  m_EditorHideFlags: 0
  m_Script: {fileID: 11500000, guid: 24f7ebc9fe6063540bf43342325c58b7, type: 3}
  m_Name: 
  m_EditorClassIdentifier: 
  objectName: WindArea (2)
--- !u!1 &944344079 stripped
GameObject:
  m_PrefabParentObject: {fileID: 1366580724050726, guid: a41f9ee70e85b6c4e93c8526ccba0ad2,
    type: 2}
  m_PrefabInternal: {fileID: 1869076776}
--- !u!114 &944344086
MonoBehaviour:
  m_ObjectHideFlags: 0
  m_PrefabParentObject: {fileID: 0}
  m_PrefabInternal: {fileID: 0}
  m_GameObject: {fileID: 944344079}
  m_Enabled: 1
  m_EditorHideFlags: 0
  m_Script: {fileID: 11500000, guid: 24f7ebc9fe6063540bf43342325c58b7, type: 3}
  m_Name: 
  m_EditorClassIdentifier: 
  objectName: Cube
--- !u!1001 &983659813
Prefab:
  m_ObjectHideFlags: 0
  serializedVersion: 2
  m_Modification:
    m_TransformParent: {fileID: 0}
    m_Modifications:
    - target: {fileID: 4917080451722960, guid: 56527bdf05ef2084fbccdcc0827c9d8b, type: 2}
      propertyPath: m_LocalPosition.x
      value: -9.33
      objectReference: {fileID: 0}
    - target: {fileID: 4917080451722960, guid: 56527bdf05ef2084fbccdcc0827c9d8b, type: 2}
      propertyPath: m_LocalPosition.y
      value: 0
      objectReference: {fileID: 0}
    - target: {fileID: 4917080451722960, guid: 56527bdf05ef2084fbccdcc0827c9d8b, type: 2}
      propertyPath: m_LocalPosition.z
      value: -13.7
      objectReference: {fileID: 0}
    - target: {fileID: 4917080451722960, guid: 56527bdf05ef2084fbccdcc0827c9d8b, type: 2}
      propertyPath: m_LocalRotation.x
      value: 0
      objectReference: {fileID: 0}
    - target: {fileID: 4917080451722960, guid: 56527bdf05ef2084fbccdcc0827c9d8b, type: 2}
      propertyPath: m_LocalRotation.y
      value: 0
      objectReference: {fileID: 0}
    - target: {fileID: 4917080451722960, guid: 56527bdf05ef2084fbccdcc0827c9d8b, type: 2}
      propertyPath: m_LocalRotation.z
      value: 0
      objectReference: {fileID: 0}
    - target: {fileID: 4917080451722960, guid: 56527bdf05ef2084fbccdcc0827c9d8b, type: 2}
      propertyPath: m_LocalRotation.w
      value: 1
      objectReference: {fileID: 0}
    - target: {fileID: 4917080451722960, guid: 56527bdf05ef2084fbccdcc0827c9d8b, type: 2}
      propertyPath: m_RootOrder
      value: 1
      objectReference: {fileID: 0}
    - target: {fileID: 1233356999607384, guid: 56527bdf05ef2084fbccdcc0827c9d8b, type: 2}
      propertyPath: m_IsActive
      value: 1
      objectReference: {fileID: 0}
    m_RemovedComponents:
    - {fileID: 114609020181683598, guid: 56527bdf05ef2084fbccdcc0827c9d8b, type: 2}
  m_ParentPrefab: {fileID: 100100000, guid: 56527bdf05ef2084fbccdcc0827c9d8b, type: 2}
  m_IsPrefabParent: 0
--- !u!1001 &1278820231
Prefab:
  m_ObjectHideFlags: 0
  serializedVersion: 2
  m_Modification:
    m_TransformParent: {fileID: 0}
    m_Modifications:
    - target: {fileID: 4208540510773082, guid: 8cb7dc00d427da94785714f571ed89c7, type: 2}
      propertyPath: m_LocalPosition.x
      value: 144.62
      objectReference: {fileID: 0}
    - target: {fileID: 4208540510773082, guid: 8cb7dc00d427da94785714f571ed89c7, type: 2}
      propertyPath: m_LocalPosition.y
      value: 22.33
      objectReference: {fileID: 0}
    - target: {fileID: 4208540510773082, guid: 8cb7dc00d427da94785714f571ed89c7, type: 2}
      propertyPath: m_LocalPosition.z
      value: 162.2
      objectReference: {fileID: 0}
    - target: {fileID: 4208540510773082, guid: 8cb7dc00d427da94785714f571ed89c7, type: 2}
      propertyPath: m_LocalRotation.x
      value: 0
      objectReference: {fileID: 0}
    - target: {fileID: 4208540510773082, guid: 8cb7dc00d427da94785714f571ed89c7, type: 2}
      propertyPath: m_LocalRotation.y
      value: 0
      objectReference: {fileID: 0}
    - target: {fileID: 4208540510773082, guid: 8cb7dc00d427da94785714f571ed89c7, type: 2}
      propertyPath: m_LocalRotation.z
      value: 0
      objectReference: {fileID: 0}
    - target: {fileID: 4208540510773082, guid: 8cb7dc00d427da94785714f571ed89c7, type: 2}
      propertyPath: m_LocalRotation.w
      value: 1
      objectReference: {fileID: 0}
    - target: {fileID: 4208540510773082, guid: 8cb7dc00d427da94785714f571ed89c7, type: 2}
      propertyPath: m_RootOrder
      value: 13
      objectReference: {fileID: 0}
    - target: {fileID: 1086404772250488, guid: 8cb7dc00d427da94785714f571ed89c7, type: 2}
      propertyPath: m_IsActive
      value: 1
      objectReference: {fileID: 0}
    m_RemovedComponents:
    - {fileID: 114425056264727756, guid: 8cb7dc00d427da94785714f571ed89c7, type: 2}
  m_ParentPrefab: {fileID: 100100000, guid: 8cb7dc00d427da94785714f571ed89c7, type: 2}
  m_IsPrefabParent: 0
--- !u!1 &1478542234 stripped
GameObject:
  m_PrefabParentObject: {fileID: 1283351223400810, guid: 6401e7bd95880054595200ebe516d8f3,
    type: 2}
  m_PrefabInternal: {fileID: 2129136813}
--- !u!114 &1478542239
MonoBehaviour:
  m_ObjectHideFlags: 0
  m_PrefabParentObject: {fileID: 0}
  m_PrefabInternal: {fileID: 0}
  m_GameObject: {fileID: 1478542234}
  m_Enabled: 1
  m_EditorHideFlags: 0
  m_Script: {fileID: 11500000, guid: 24f7ebc9fe6063540bf43342325c58b7, type: 3}
  m_Name: 
  m_EditorClassIdentifier: 
  objectName: Snow
--- !u!1001 &1520660548
Prefab:
  m_ObjectHideFlags: 0
  serializedVersion: 2
  m_Modification:
    m_TransformParent: {fileID: 0}
    m_Modifications:
    - target: {fileID: 4156847628924740, guid: 7af854098a3bee846999ac9c2593f3e0, type: 2}
      propertyPath: m_LocalPosition.x
      value: 140
      objectReference: {fileID: 0}
    - target: {fileID: 4156847628924740, guid: 7af854098a3bee846999ac9c2593f3e0, type: 2}
      propertyPath: m_LocalPosition.y
      value: 25
      objectReference: {fileID: 0}
    - target: {fileID: 4156847628924740, guid: 7af854098a3bee846999ac9c2593f3e0, type: 2}
      propertyPath: m_LocalPosition.z
      value: 145
      objectReference: {fileID: 0}
    - target: {fileID: 4156847628924740, guid: 7af854098a3bee846999ac9c2593f3e0, type: 2}
      propertyPath: m_LocalRotation.x
      value: 0
      objectReference: {fileID: 0}
    - target: {fileID: 4156847628924740, guid: 7af854098a3bee846999ac9c2593f3e0, type: 2}
      propertyPath: m_LocalRotation.y
      value: 0
      objectReference: {fileID: 0}
    - target: {fileID: 4156847628924740, guid: 7af854098a3bee846999ac9c2593f3e0, type: 2}
      propertyPath: m_LocalRotation.z
      value: 0
      objectReference: {fileID: 0}
    - target: {fileID: 4156847628924740, guid: 7af854098a3bee846999ac9c2593f3e0, type: 2}
      propertyPath: m_LocalRotation.w
      value: 1
      objectReference: {fileID: 0}
    - target: {fileID: 4156847628924740, guid: 7af854098a3bee846999ac9c2593f3e0, type: 2}
      propertyPath: m_RootOrder
      value: 7
      objectReference: {fileID: 0}
    - target: {fileID: 1455587812017962, guid: 7af854098a3bee846999ac9c2593f3e0, type: 2}
      propertyPath: m_IsActive
      value: 1
      objectReference: {fileID: 0}
    m_RemovedComponents:
    - {fileID: 114953664698727968, guid: 7af854098a3bee846999ac9c2593f3e0, type: 2}
  m_ParentPrefab: {fileID: 100100000, guid: 7af854098a3bee846999ac9c2593f3e0, type: 2}
  m_IsPrefabParent: 0
--- !u!1001 &1597265491
Prefab:
  m_ObjectHideFlags: 0
  serializedVersion: 2
  m_Modification:
    m_TransformParent: {fileID: 0}
    m_Modifications:
    - target: {fileID: 4320282457246486, guid: 4a133173d2c075041b1a8a491bac81a4, type: 2}
      propertyPath: m_LocalPosition.x
      value: 360
      objectReference: {fileID: 0}
    - target: {fileID: 4320282457246486, guid: 4a133173d2c075041b1a8a491bac81a4, type: 2}
      propertyPath: m_LocalPosition.y
      value: 25
      objectReference: {fileID: 0}
    - target: {fileID: 4320282457246486, guid: 4a133173d2c075041b1a8a491bac81a4, type: 2}
      propertyPath: m_LocalPosition.z
      value: 365
      objectReference: {fileID: 0}
    - target: {fileID: 4320282457246486, guid: 4a133173d2c075041b1a8a491bac81a4, type: 2}
      propertyPath: m_LocalRotation.x
      value: 0
      objectReference: {fileID: 0}
    - target: {fileID: 4320282457246486, guid: 4a133173d2c075041b1a8a491bac81a4, type: 2}
      propertyPath: m_LocalRotation.y
      value: 0
      objectReference: {fileID: 0}
    - target: {fileID: 4320282457246486, guid: 4a133173d2c075041b1a8a491bac81a4, type: 2}
      propertyPath: m_LocalRotation.z
      value: 0
      objectReference: {fileID: 0}
    - target: {fileID: 4320282457246486, guid: 4a133173d2c075041b1a8a491bac81a4, type: 2}
      propertyPath: m_LocalRotation.w
      value: 1
      objectReference: {fileID: 0}
    - target: {fileID: 4320282457246486, guid: 4a133173d2c075041b1a8a491bac81a4, type: 2}
      propertyPath: m_RootOrder
      value: 10
      objectReference: {fileID: 0}
    - target: {fileID: 1348590204910536, guid: 4a133173d2c075041b1a8a491bac81a4, type: 2}
      propertyPath: m_IsActive
      value: 1
      objectReference: {fileID: 0}
    m_RemovedComponents:
    - {fileID: 114865250061269220, guid: 4a133173d2c075041b1a8a491bac81a4, type: 2}
  m_ParentPrefab: {fileID: 100100000, guid: 4a133173d2c075041b1a8a491bac81a4, type: 2}
  m_IsPrefabParent: 0
--- !u!1001 &1639770105
Prefab:
  m_ObjectHideFlags: 0
  serializedVersion: 2
  m_Modification:
    m_TransformParent: {fileID: 0}
    m_Modifications:
    - target: {fileID: 4176046133170620, guid: b01c522dc38a67b4db1c215cd62450e2, type: 2}
      propertyPath: m_LocalPosition.x
      value: 144.62
      objectReference: {fileID: 0}
    - target: {fileID: 4176046133170620, guid: b01c522dc38a67b4db1c215cd62450e2, type: 2}
      propertyPath: m_LocalPosition.y
      value: 22.33
      objectReference: {fileID: 0}
    - target: {fileID: 4176046133170620, guid: b01c522dc38a67b4db1c215cd62450e2, type: 2}
      propertyPath: m_LocalPosition.z
      value: 148.84
      objectReference: {fileID: 0}
    - target: {fileID: 4176046133170620, guid: b01c522dc38a67b4db1c215cd62450e2, type: 2}
      propertyPath: m_LocalRotation.x
      value: 0
      objectReference: {fileID: 0}
    - target: {fileID: 4176046133170620, guid: b01c522dc38a67b4db1c215cd62450e2, type: 2}
      propertyPath: m_LocalRotation.y
      value: 0
      objectReference: {fileID: 0}
    - target: {fileID: 4176046133170620, guid: b01c522dc38a67b4db1c215cd62450e2, type: 2}
      propertyPath: m_LocalRotation.z
      value: 0
      objectReference: {fileID: 0}
    - target: {fileID: 4176046133170620, guid: b01c522dc38a67b4db1c215cd62450e2, type: 2}
      propertyPath: m_LocalRotation.w
      value: 1
      objectReference: {fileID: 0}
    - target: {fileID: 4176046133170620, guid: b01c522dc38a67b4db1c215cd62450e2, type: 2}
      propertyPath: m_RootOrder
      value: 12
      objectReference: {fileID: 0}
    - target: {fileID: 1273961085889892, guid: b01c522dc38a67b4db1c215cd62450e2, type: 2}
      propertyPath: m_IsActive
      value: 1
      objectReference: {fileID: 0}
    m_RemovedComponents:
    - {fileID: 114299895661377852, guid: b01c522dc38a67b4db1c215cd62450e2, type: 2}
  m_ParentPrefab: {fileID: 100100000, guid: b01c522dc38a67b4db1c215cd62450e2, type: 2}
  m_IsPrefabParent: 0
--- !u!1001 &1641171220
Prefab:
  m_ObjectHideFlags: 0
  serializedVersion: 2
  m_Modification:
    m_TransformParent: {fileID: 0}
    m_Modifications:
    - target: {fileID: 4392005399394372, guid: 4a16760d7db93464eaa1b105aaefdc4b, type: 2}
      propertyPath: m_LocalPosition.x
      value: 98.19
      objectReference: {fileID: 0}
    - target: {fileID: 4392005399394372, guid: 4a16760d7db93464eaa1b105aaefdc4b, type: 2}
      propertyPath: m_LocalPosition.y
      value: 2.3400002
      objectReference: {fileID: 0}
    - target: {fileID: 4392005399394372, guid: 4a16760d7db93464eaa1b105aaefdc4b, type: 2}
      propertyPath: m_LocalPosition.z
      value: 28.239998
      objectReference: {fileID: 0}
    - target: {fileID: 4392005399394372, guid: 4a16760d7db93464eaa1b105aaefdc4b, type: 2}
      propertyPath: m_LocalRotation.x
      value: -0
      objectReference: {fileID: 0}
    - target: {fileID: 4392005399394372, guid: 4a16760d7db93464eaa1b105aaefdc4b, type: 2}
      propertyPath: m_LocalRotation.y
      value: -0
      objectReference: {fileID: 0}
    - target: {fileID: 4392005399394372, guid: 4a16760d7db93464eaa1b105aaefdc4b, type: 2}
      propertyPath: m_LocalRotation.z
      value: -0
      objectReference: {fileID: 0}
    - target: {fileID: 4392005399394372, guid: 4a16760d7db93464eaa1b105aaefdc4b, type: 2}
      propertyPath: m_LocalRotation.w
      value: 1
      objectReference: {fileID: 0}
    - target: {fileID: 4392005399394372, guid: 4a16760d7db93464eaa1b105aaefdc4b, type: 2}
      propertyPath: m_RootOrder
      value: 5
      objectReference: {fileID: 0}
    - target: {fileID: 1583816091245482, guid: 4a16760d7db93464eaa1b105aaefdc4b, type: 2}
      propertyPath: m_IsActive
      value: 1
      objectReference: {fileID: 0}
    - target: {fileID: 1359243593678714, guid: 4a16760d7db93464eaa1b105aaefdc4b, type: 2}
      propertyPath: m_IsActive
      value: 1
      objectReference: {fileID: 0}
    - target: {fileID: 114381799800313322, guid: 4a16760d7db93464eaa1b105aaefdc4b,
        type: 2}
      propertyPath: m_Enabled
      value: 1
      objectReference: {fileID: 0}
    m_RemovedComponents: []
  m_ParentPrefab: {fileID: 100100000, guid: 4a16760d7db93464eaa1b105aaefdc4b, type: 2}
  m_IsPrefabParent: 0
--- !u!1001 &1654077418
Prefab:
  m_ObjectHideFlags: 0
  serializedVersion: 2
  m_Modification:
    m_TransformParent: {fileID: 0}
    m_Modifications:
    - target: {fileID: 224316607916331246, guid: 5ce679d983ddf0e48b2a297dde8090d3,
        type: 2}
      propertyPath: m_LocalPosition.x
      value: 0
      objectReference: {fileID: 0}
    - target: {fileID: 224316607916331246, guid: 5ce679d983ddf0e48b2a297dde8090d3,
        type: 2}
      propertyPath: m_LocalPosition.y
      value: 0
      objectReference: {fileID: 0}
    - target: {fileID: 224316607916331246, guid: 5ce679d983ddf0e48b2a297dde8090d3,
        type: 2}
      propertyPath: m_LocalPosition.z
      value: 0
      objectReference: {fileID: 0}
    - target: {fileID: 224316607916331246, guid: 5ce679d983ddf0e48b2a297dde8090d3,
        type: 2}
      propertyPath: m_LocalRotation.x
      value: 0
      objectReference: {fileID: 0}
    - target: {fileID: 224316607916331246, guid: 5ce679d983ddf0e48b2a297dde8090d3,
        type: 2}
      propertyPath: m_LocalRotation.y
      value: 0
      objectReference: {fileID: 0}
    - target: {fileID: 224316607916331246, guid: 5ce679d983ddf0e48b2a297dde8090d3,
        type: 2}
      propertyPath: m_LocalRotation.z
      value: 0
      objectReference: {fileID: 0}
    - target: {fileID: 224316607916331246, guid: 5ce679d983ddf0e48b2a297dde8090d3,
        type: 2}
      propertyPath: m_LocalRotation.w
      value: 1
      objectReference: {fileID: 0}
    - target: {fileID: 224316607916331246, guid: 5ce679d983ddf0e48b2a297dde8090d3,
        type: 2}
      propertyPath: m_RootOrder
      value: 2
      objectReference: {fileID: 0}
    - target: {fileID: 224316607916331246, guid: 5ce679d983ddf0e48b2a297dde8090d3,
        type: 2}
      propertyPath: m_AnchoredPosition.x
      value: 0
      objectReference: {fileID: 0}
    - target: {fileID: 224316607916331246, guid: 5ce679d983ddf0e48b2a297dde8090d3,
        type: 2}
      propertyPath: m_AnchoredPosition.y
      value: 0
      objectReference: {fileID: 0}
    - target: {fileID: 224316607916331246, guid: 5ce679d983ddf0e48b2a297dde8090d3,
        type: 2}
      propertyPath: m_SizeDelta.x
      value: 0
      objectReference: {fileID: 0}
    - target: {fileID: 224316607916331246, guid: 5ce679d983ddf0e48b2a297dde8090d3,
        type: 2}
      propertyPath: m_SizeDelta.y
      value: 0
      objectReference: {fileID: 0}
    - target: {fileID: 224316607916331246, guid: 5ce679d983ddf0e48b2a297dde8090d3,
        type: 2}
      propertyPath: m_AnchorMin.x
      value: 0
      objectReference: {fileID: 0}
    - target: {fileID: 224316607916331246, guid: 5ce679d983ddf0e48b2a297dde8090d3,
        type: 2}
      propertyPath: m_AnchorMin.y
      value: 0
      objectReference: {fileID: 0}
    - target: {fileID: 224316607916331246, guid: 5ce679d983ddf0e48b2a297dde8090d3,
        type: 2}
      propertyPath: m_AnchorMax.x
      value: 0
      objectReference: {fileID: 0}
    - target: {fileID: 224316607916331246, guid: 5ce679d983ddf0e48b2a297dde8090d3,
        type: 2}
      propertyPath: m_AnchorMax.y
      value: 0
      objectReference: {fileID: 0}
    - target: {fileID: 224316607916331246, guid: 5ce679d983ddf0e48b2a297dde8090d3,
        type: 2}
      propertyPath: m_Pivot.x
      value: 0
      objectReference: {fileID: 0}
    - target: {fileID: 224316607916331246, guid: 5ce679d983ddf0e48b2a297dde8090d3,
        type: 2}
      propertyPath: m_Pivot.y
      value: 0
      objectReference: {fileID: 0}
    - target: {fileID: 1483764397870458, guid: 5ce679d983ddf0e48b2a297dde8090d3, type: 2}
      propertyPath: m_IsActive
      value: 1
      objectReference: {fileID: 0}
    m_RemovedComponents:
    - {fileID: 114879229541553570, guid: 5ce679d983ddf0e48b2a297dde8090d3, type: 2}
  m_ParentPrefab: {fileID: 100100000, guid: 5ce679d983ddf0e48b2a297dde8090d3, type: 2}
  m_IsPrefabParent: 0
--- !u!1 &1669100133 stripped
GameObject:
  m_PrefabParentObject: {fileID: 1483764397870458, guid: 5ce679d983ddf0e48b2a297dde8090d3,
    type: 2}
  m_PrefabInternal: {fileID: 1654077418}
--- !u!114 &1669100138
MonoBehaviour:
  m_ObjectHideFlags: 0
  m_PrefabParentObject: {fileID: 0}
  m_PrefabInternal: {fileID: 0}
  m_GameObject: {fileID: 1669100133}
  m_Enabled: 1
  m_EditorHideFlags: 0
  m_Script: {fileID: 11500000, guid: 24f7ebc9fe6063540bf43342325c58b7, type: 3}
  m_Name: 
  m_EditorClassIdentifier: 
  objectName: Canvas
--- !u!1001 &1687328686
Prefab:
  m_ObjectHideFlags: 0
  serializedVersion: 2
  m_Modification:
    m_TransformParent: {fileID: 0}
    m_Modifications:
    - target: {fileID: 4651955619578574, guid: ce178c9c5885633498b780098ef696c8, type: 2}
      propertyPath: m_LocalPosition.x
      value: 0
      objectReference: {fileID: 0}
    - target: {fileID: 4651955619578574, guid: ce178c9c5885633498b780098ef696c8, type: 2}
      propertyPath: m_LocalPosition.y
      value: 0
      objectReference: {fileID: 0}
    - target: {fileID: 4651955619578574, guid: ce178c9c5885633498b780098ef696c8, type: 2}
      propertyPath: m_LocalPosition.z
      value: 0
      objectReference: {fileID: 0}
    - target: {fileID: 4651955619578574, guid: ce178c9c5885633498b780098ef696c8, type: 2}
      propertyPath: m_LocalRotation.x
      value: -0
      objectReference: {fileID: 0}
    - target: {fileID: 4651955619578574, guid: ce178c9c5885633498b780098ef696c8, type: 2}
      propertyPath: m_LocalRotation.y
      value: -0
      objectReference: {fileID: 0}
    - target: {fileID: 4651955619578574, guid: ce178c9c5885633498b780098ef696c8, type: 2}
      propertyPath: m_LocalRotation.z
      value: -0
      objectReference: {fileID: 0}
    - target: {fileID: 4651955619578574, guid: ce178c9c5885633498b780098ef696c8, type: 2}
      propertyPath: m_LocalRotation.w
      value: 1
      objectReference: {fileID: 0}
    - target: {fileID: 4651955619578574, guid: ce178c9c5885633498b780098ef696c8, type: 2}
      propertyPath: m_RootOrder
      value: 4
      objectReference: {fileID: 0}
    - target: {fileID: 1791012484607838, guid: ce178c9c5885633498b780098ef696c8, type: 2}
      propertyPath: m_IsActive
      value: 1
      objectReference: {fileID: 0}
    m_RemovedComponents:
    - {fileID: 114624555207770036, guid: ce178c9c5885633498b780098ef696c8, type: 2}
  m_ParentPrefab: {fileID: 100100000, guid: ce178c9c5885633498b780098ef696c8, type: 2}
  m_IsPrefabParent: 0
--- !u!1001 &1869076776
Prefab:
  m_ObjectHideFlags: 0
  serializedVersion: 2
  m_Modification:
    m_TransformParent: {fileID: 0}
    m_Modifications:
    - target: {fileID: 4053003951137896, guid: a41f9ee70e85b6c4e93c8526ccba0ad2, type: 2}
      propertyPath: m_LocalPosition.x
      value: 144.8
      objectReference: {fileID: 0}
    - target: {fileID: 4053003951137896, guid: a41f9ee70e85b6c4e93c8526ccba0ad2, type: 2}
      propertyPath: m_LocalPosition.y
      value: 22.29
      objectReference: {fileID: 0}
    - target: {fileID: 4053003951137896, guid: a41f9ee70e85b6c4e93c8526ccba0ad2, type: 2}
      propertyPath: m_LocalPosition.z
      value: 157.1
      objectReference: {fileID: 0}
    - target: {fileID: 4053003951137896, guid: a41f9ee70e85b6c4e93c8526ccba0ad2, type: 2}
      propertyPath: m_LocalRotation.x
      value: 0
      objectReference: {fileID: 0}
    - target: {fileID: 4053003951137896, guid: a41f9ee70e85b6c4e93c8526ccba0ad2, type: 2}
      propertyPath: m_LocalRotation.y
      value: 0
      objectReference: {fileID: 0}
    - target: {fileID: 4053003951137896, guid: a41f9ee70e85b6c4e93c8526ccba0ad2, type: 2}
      propertyPath: m_LocalRotation.z
      value: 0
      objectReference: {fileID: 0}
    - target: {fileID: 4053003951137896, guid: a41f9ee70e85b6c4e93c8526ccba0ad2, type: 2}
      propertyPath: m_LocalRotation.w
      value: 1
      objectReference: {fileID: 0}
    - target: {fileID: 4053003951137896, guid: a41f9ee70e85b6c4e93c8526ccba0ad2, type: 2}
      propertyPath: m_RootOrder
      value: 11
      objectReference: {fileID: 0}
    - target: {fileID: 1366580724050726, guid: a41f9ee70e85b6c4e93c8526ccba0ad2, type: 2}
      propertyPath: m_IsActive
      value: 1
      objectReference: {fileID: 0}
    m_RemovedComponents:
    - {fileID: 114950117122666664, guid: a41f9ee70e85b6c4e93c8526ccba0ad2, type: 2}
  m_ParentPrefab: {fileID: 100100000, guid: a41f9ee70e85b6c4e93c8526ccba0ad2, type: 2}
  m_IsPrefabParent: 0
--- !u!1 &1871192392 stripped
GameObject:
  m_PrefabParentObject: {fileID: 1086404772250488, guid: 8cb7dc00d427da94785714f571ed89c7,
    type: 2}
  m_PrefabInternal: {fileID: 1278820231}
--- !u!114 &1871192399
MonoBehaviour:
  m_ObjectHideFlags: 0
  m_PrefabParentObject: {fileID: 0}
  m_PrefabInternal: {fileID: 0}
  m_GameObject: {fileID: 1871192392}
  m_Enabled: 1
  m_EditorHideFlags: 0
  m_Script: {fileID: 11500000, guid: 24f7ebc9fe6063540bf43342325c58b7, type: 3}
  m_Name: 
  m_EditorClassIdentifier: 
  objectName: Cube (2)
--- !u!1 &2081696011 stripped
GameObject:
  m_PrefabParentObject: {fileID: 1272724934655122, guid: ddb39c30ac8f77d4fb3baf7952a0ec59,
    type: 2}
  m_PrefabInternal: {fileID: 627236116}
--- !u!114 &2081696017
MonoBehaviour:
  m_ObjectHideFlags: 0
  m_PrefabParentObject: {fileID: 0}
  m_PrefabInternal: {fileID: 0}
  m_GameObject: {fileID: 2081696011}
  m_Enabled: 1
  m_EditorHideFlags: 0
  m_Script: {fileID: 11500000, guid: 24f7ebc9fe6063540bf43342325c58b7, type: 3}
  m_Name: 
  m_EditorClassIdentifier: 
  objectName: WindArea (3)
--- !u!1 &2092454441 stripped
GameObject:
  m_PrefabParentObject: {fileID: 1233356999607384, guid: 56527bdf05ef2084fbccdcc0827c9d8b,
    type: 2}
  m_PrefabInternal: {fileID: 983659813}
--- !u!114 &2092454446
MonoBehaviour:
  m_ObjectHideFlags: 0
  m_PrefabParentObject: {fileID: 0}
  m_PrefabInternal: {fileID: 0}
  m_GameObject: {fileID: 2092454441}
  m_Enabled: 1
  m_EditorHideFlags: 0
  m_Script: {fileID: 11500000, guid: 24f7ebc9fe6063540bf43342325c58b7, type: 3}
  m_Name: 
  m_EditorClassIdentifier: 
  objectName: Tree
--- !u!1 &2095165872 stripped
GameObject:
  m_PrefabParentObject: {fileID: 1996615222461856, guid: e833e9335d0d01443bc6a10bbdbde598,
    type: 2}
  m_PrefabInternal: {fileID: 176756723}
--- !u!114 &2095165876
MonoBehaviour:
  m_ObjectHideFlags: 0
  m_PrefabParentObject: {fileID: 0}
  m_PrefabInternal: {fileID: 0}
  m_GameObject: {fileID: 2095165872}
  m_Enabled: 1
  m_EditorHideFlags: 0
  m_Script: {fileID: 11500000, guid: 24f7ebc9fe6063540bf43342325c58b7, type: 3}
  m_Name: 
  m_EditorClassIdentifier: 
  objectName: EventSystem
--- !u!1001 &2129136813
Prefab:
  m_ObjectHideFlags: 0
  serializedVersion: 2
  m_Modification:
    m_TransformParent: {fileID: 0}
    m_Modifications:
    - target: {fileID: 4377899716702320, guid: 6401e7bd95880054595200ebe516d8f3, type: 2}
      propertyPath: m_LocalPosition.x
      value: 140
      objectReference: {fileID: 0}
    - target: {fileID: 4377899716702320, guid: 6401e7bd95880054595200ebe516d8f3, type: 2}
      propertyPath: m_LocalPosition.y
      value: 25
      objectReference: {fileID: 0}
    - target: {fileID: 4377899716702320, guid: 6401e7bd95880054595200ebe516d8f3, type: 2}
      propertyPath: m_LocalPosition.z
      value: 145
      objectReference: {fileID: 0}
    - target: {fileID: 4377899716702320, guid: 6401e7bd95880054595200ebe516d8f3, type: 2}
      propertyPath: m_LocalRotation.x
      value: 0
      objectReference: {fileID: 0}
    - target: {fileID: 4377899716702320, guid: 6401e7bd95880054595200ebe516d8f3, type: 2}
      propertyPath: m_LocalRotation.y
      value: 0
      objectReference: {fileID: 0}
    - target: {fileID: 4377899716702320, guid: 6401e7bd95880054595200ebe516d8f3, type: 2}
      propertyPath: m_LocalRotation.z
      value: 0
      objectReference: {fileID: 0}
    - target: {fileID: 4377899716702320, guid: 6401e7bd95880054595200ebe516d8f3, type: 2}
      propertyPath: m_LocalRotation.w
      value: 1
      objectReference: {fileID: 0}
    - target: {fileID: 4377899716702320, guid: 6401e7bd95880054595200ebe516d8f3, type: 2}
      propertyPath: m_RootOrder
      value: 6
      objectReference: {fileID: 0}
    - target: {fileID: 198151918301052592, guid: 6401e7bd95880054595200ebe516d8f3,
        type: 2}
      propertyPath: TriggerModule.collisionShape0
      value: 
      objectReference: {fileID: 859461735}
    - target: {fileID: 1283351223400810, guid: 6401e7bd95880054595200ebe516d8f3, type: 2}
      propertyPath: m_IsActive
      value: 1
      objectReference: {fileID: 0}
    m_RemovedComponents:
    - {fileID: 114324930301512346, guid: 6401e7bd95880054595200ebe516d8f3, type: 2}
  m_ParentPrefab: {fileID: 100100000, guid: 6401e7bd95880054595200ebe516d8f3, type: 2}
  m_IsPrefabParent: 0
